@misc{Microsoft2017,
author = {Microsoft},
booktitle = {WD info},
file = {:G$\backslash$:/Shared drives/Library/Mendeley/Microsoft, 2017, Team Data Science Process Documentation.pdf:pdf},
pages = {600},
title = {{Team Data Science Process Documentation}},
url = {https://docs.microsoft.com/en-us/azure/machine-learning/team-data-science-process/},
year = {2017}
}

@article{Kumar2015,
author = {Kumar, Arun and Mccann, Robert and Naughton, Jeffrey and Patel, Jignesh M.},
doi = {10.1145/2935694.2935698},
file = {:G$\backslash$:/Shared drives/Library/Mendeley/Kumar et al., 2015, Model Selection Management Systems The Next Frontier of Advanced Analytics.pdf:pdf},
issn = {0163-5808},
journal = {ACM SIGMOD Record},
keywords = {Feature Engineering,Iterative Model Selection,Performance Optimization,Provenance for Machine Learning,Usability of Machine Learning},
number = {4},
pages = {17--22},
title = {{Model Selection Management Systems: The Next Frontier of Advanced Analytics}},
url = {http://dl.acm.org/citation.cfm?doid=2935694.2935698{\%}5Cnhttp://pages.cs.wisc.edu/{~}arun/vision/},
volume = {44},
year = {2015}
}

@misc{GoogleRulesML,
author = {Google},
title = {{Rules of Machine Learning}},
url = {https://developers.google.com/machine-learning/guides/rules-of-ml},
year = {2018}
}

